@book{brambilla2017mdse,
  author    = {Marco Brambilla and Jordi Cabot and Manuel Wimmer},
  title     = {Model-Driven Software Engineering in Practice},
  edition   = {Second},
  year      = {2017},
  publisher = {Morgan \& Claypool Publishers},
  series    = {Synthesis Lectures on Software Engineering},
  address   = {San Rafael, CA},
  isbn      = {978-1-62705-207-6},
  doi       = {10.2200/S00751ED1V01Y201701SWE004},
}